<record><leader>00000cas a22000007a 4500</leader><controlfield tag="001">26368985</controlfield><controlfield tag="008">920810d19051920ncudn ne      0    0eng d</controlfield><datafield ind1=" " ind2=" " tag="010"><subfield code="a">sn 92074074 </subfield></datafield><datafield ind1=" " ind2=" " tag="040"><subfield code="a">NVJ</subfield><subfield code="b">eng</subfield><subfield code="c">NVJ</subfield><subfield code="d">OCLCQ</subfield></datafield><datafield ind1=" " ind2=" " tag="042"><subfield code="a">msc</subfield></datafield><datafield ind1="0" ind2="0" tag="245"><subfield code="a">Fayetteville daily observer.</subfield></datafield><datafield ind1=" " ind2=" " tag="260"><subfield code="a">Fayetteville, N.C. :</subfield><subfield code="b">E.J. Hale</subfield></datafield><datafield ind1=" " ind2=" " tag="300"><subfield code="a">v.</subfield></datafield><datafield ind1=" " ind2=" " tag="310"><subfield code="a">Daily (except Sundays, July 4 &amp; Christmas)</subfield></datafield><datafield ind1="0" ind2=" " tag="362"><subfield code="a">Vol. 10, no. 113 (June 12, 1905)-v. 34, no. 8 (Feb. 10, 1920).</subfield></datafield><datafield ind1=" " ind2=" " tag="752"><subfield code="a">United States</subfield><subfield code="b">North Carolina</subfield><subfield code="c">Cumberland</subfield><subfield code="d">Fayetteville.</subfield></datafield><datafield ind1="0" ind2=" " tag="775"><subfield code="t">Fayetteville observer (Fayetteville, N.C. : 1887)</subfield><subfield code="w">(DLC)sn 91068142</subfield></datafield><datafield ind1="0" ind2="0" tag="780"><subfield code="t">Fayetteville observer (Fayetteville, N.C. : 1896)</subfield><subfield code="w">(DLC)sn 92074073</subfield></datafield><datafield ind1="0" ind2="0" tag="785"><subfield code="t">Fayetteville observer (Fayetteville, N.C. : 1920)</subfield><subfield code="w">(DLC)sn 84020773</subfield></datafield></record>